
@article{srivastava03,
  title={On advances in statistical modeling of natural images},
  author={Srivastava, Anuj and Lee, Ann B and Simoncelli, Eero P and Zhu, Songchun},
  journal={Journal of Mathematical Imaging and Vision},
  volume={18},
  number={1},
  pages={17--33},
  year={2003}
}

@inproceedings{roth2005fields,
  title={Fields of experts: A framework for learning image priors},
  author={Roth, Stefan and Black, Michael J},
  booktitle={Computer Vision and Pattern Recognition},
  year={2005}
}

@article{elad2006image,
  title={Image denoising via sparse and redundant representations over learned dictionaries},
  author={Elad, Michael and Aharon, Michal},
  journal={IEEE Transactions on Image Processing},
  volume={15},
  number={12},
  pages={3736--3745},
  year={2006}
}

@inproceedings{zoran2011learning,
  title={From learning models of natural image patches to whole image restoration},
  author={Zoran, Daniel and Weiss, Yair},
  booktitle={International Conference on Computer Vision},
  year={2011}
}

@inproceedings{mairal2009non,
  title={Non-local sparse models for image restoration},
  author={Mairal, Julien and Bach, Francis and Ponce, Jean and Sapiro, Guillermo and Zisserman, Andrew},
  booktitle={International Conference on Computer Vision},
  year={2009}
}

@inproceedings{dabov2008image,
  title={Image restoration by sparse 3D transform-domain collaborative filtering},
  author={Dabov, Kostadin and Foi, Alessandro and Katkovnik, Vladimir and Egiazarian, Karen},
  booktitle={Electronic Imaging},
  year={2008}
}

@inproceedings{martin2001database,
  title={A database of human segmented natural images and its application to evaluating segmentation algorithms and measuring ecological statistics},
  author={Martin, David and Fowlkes, Charless and Tal, Doron and Malik, Jitendra},
  booktitle={International Conference on Computer Vision},
  year={2001}
}

@inproceedings{bertalmio2000image,
  title={Image inpainting},
  author={Bertalmio, Marcelo and Sapiro, Guillermo and Caselles, Vincent and Ballester, Coloma},
  booktitle={Computer Graphics and Interactive Techniques},
  pages={417--424},
  year={2000}
}

@article{portilla2003image,
  title={Image denoising using scale mixtures of Gaussians in the wavelet domain},
  author={Portilla, Javier and Strela, Vasily and Wainwright, Martin J and Simoncelli, Eero P},
  journal={IEEE Transactions on Image processing},
  volume={12},
  number={11},
  pages={1338--1351},
  year={2003},
}

@inproceedings{jain2009natural,
  title={Natural image denoising with convolutional networks},
  author={Jain, Viren and Seung, Sebastian},
  booktitle={Advances in Neural Information Processing Systems},
  pages={769--776},
  year={2009}
}

@inproceedings{xie2012image,
  title={Image denoising and inpainting with deep neural networks},
  author={Xie, Junyuan and Xu, Linli and Chen, Enhong},
  booktitle={Advances in Neural Information Processing Systems},
  pages={341--349},
  year={2012}
}
